@article{HBI+14,
  doi = {10.1038/sdata.2014.3},
  url = {http://dx.doi.org/10.1038/sdata.2014.3},
  year = {2014},
  publisher = {Nature Publishing Group},
  volume = {1},
  author = {Michael Hanke and Florian J. Baumgartner and Pierre Ibe and Falko R. Kaule and Stefan Pollmann and Oliver Speck and Wolf Zinke and Jörg Stadler},
  title = {{A high-resolution 7-Tesla {fMRI} dataset from complex natural stimulation with an audio movie}},
  journal = {Scientific Data},
}

@article{HHS09b,
  title = {{PyMVPA: A Unifying Approach to the Analysis of Neuroscientific Data.}},
  date = {2009},
  authors = {Hanke, M and Halchenko, YO and Sederberg, PB and Olivetti, E and Fründ, I and Rieger, JW and Herrmann, CS and Haxby, JV and Hanson, SJ and Pollmann, S},
  author = {Hanke, M and Halchenko, YO and Sederberg, PB and Olivetti, E and Fründ, I and Rieger, JW and Herrmann, CS and Haxby, JV and Hanson, SJ and Pollmann, S},
  year = {2009},
  journal = {Frontier in Neuroinformatics},
  volume = {3},
  number = {},
  pages = {3},
  pubmed_id = {19212459},
}

@article{SJW+2004,
  title = {{Advances in functional and structural MR image analysis and implementation as FSL.}},
  date = {2004},
  source = {NeuroImage},
  authors = {Smith, SM and Jenkinson, M and Woolrich, MW and Beckmann, CF and Behrens, TE and Johansen-Berg, H and Bannister, PR and De, Luca M and Drobnjak, I and Flitney, DE and Niazy, RK and Saunders, J and Vickers, J and Zhang, Y and De, Stefano N and Brady, JM and Matthews, PM},
  author = {Smith, SM and Jenkinson, M and Woolrich, MW and Beckmann, CF and Behrens, TE and Johansen-Berg, H and Bannister, PR and De, Luca M and Drobnjak, I and Flitney, DE and Niazy, RK and Saunders, J and Vickers, J and Zhang, Y and De, Stefano N and Brady, JM and Matthews, PM},
  year = {2004},
  journal = {NeuroImage},
  volume = {23},
  number = {},
  pages = {208--219},
  pubmed_id = {15501092},
}

@article{ HH12,
	author = "Yaroslav O. Halchenko and Michael Hanke",
	issn = "1662-5196",
	journal = "Frontier in Neuroinformatics",
	number = 00022,
	title = "{Open is not enough. {L}et's take the next step: {A}n integrated, community-driven computing platform for neuroscience}",
	volume = 6,
	year = 2012,
}

@article{HDH+2015,
  author={Michael Hanke and Richard Dinga and Christian H\"ausler and J.~Swaroop Guntupalli and Michael Casey and Falko R. Kaule and J\"org Stadler},
  year=2015,
  title={High-resolution {7-Tesla fMRI} data on the perception of musical genres -- an extension to the studyforrest dataset},
  journal={F1000Research},
  volume={4:174}
}

@article{HH2015,
  author={Hanke, M. and Halchenko, Y. O.},
  year=2015,
  title={A communication hub for a decentralized collaboration on studying real-life cognition},
  url={http://f1000research.com/articles/4-62},
  journal={F1000Research},
  volume={4:62}
}

@article{GVR+2015,
 author={Gorgolewski, Krzysztof Jacek  and  Varoquaux, Gael  and  Rivera, Gabriel  and  Schwartz, Yannick  and  Ghosh, Satrajit S  and  Maumet, Camille  and  Sochat, Vanessa V  and  Nichols, Thomas E.  and  Poldrack, Russell A.  and  Poline, Jean-Baptiste  and  Yarkoni, Tal  and  Margulies, Daniel S.}, title={{NeuroVault.org}: A web-based repository for collecting and sharing unthresholded statistical maps of the human brain},
 journal={Frontiers in Neuroinformatics},
 volume=9,
 year=2015,
 number=8,
 url={http://www.frontiersin.org/neuroinformatics/10.3389/fninf.2015.00008/abstract},
 doi={10.3389/fninf.2015.00008}
}

@incollection{CTK+2012,
  doi = {10.1007/978-3-642-34713-9_5},
  url = {http://dx.doi.org/10.1007/978-3-642-34713-9_5},
  year = {2012},
  publisher = {Springer Science and Business Media},
  pages = {34--41},
  author = {Michael Casey and Jessica Thompson and Olivia Kang and Rajeev Raizada and Thalia Wheatley},
  title = {{Population Codes Representing Musical Timbre for High-Level {fMRI} Categorization of Music Genres}},
  booktitle = {Machine Learning and Interpretation in Neuroimaging},
}

@article{TAB+2014,
  title={Capturing the musical brain with Lasso: Dynamic decoding of musical features from fMRI data},
  author={Toiviainen, Petri and Alluri, Vinoo and Brattico, Elvira and Wallentin, Mikkel and Vuust, Peter},
  journal={NeuroImage},
  volume={88},
  pages={170--180},
  year={2014}
}

@inproceedings{LS2001,
  title={A music similarity function based on signal analysis},
  author={Logan, Beth and Salomon, Ariel},
  booktitle={Proc. IEEE Int. Conf. Multimedia and Expo},
  pages={190},
  year={2001},
  organization={IEEE}
}

@inproceedings{MEK2009,
  title={Making chroma features more robust to timbre changes},
  author={M{\"u}ller, Meinard and Ewert, Sebastian and Kreuzer, Sebastian},
  booktitle={Acoustics, Speech and Signal Processing, 2009. ICASSP 2009. IEEE International Conference on},
  pages={1877--1880},
  year={2009},
  organization={IEEE}
}

@misc{ds113b,
  author={Michael Hanke and Richard Dinga and Christian H\"ausler and J.~Swaroop Guntupalli and Michael Casey and Falko R. Kaule and J\"org Stadler},
  year=2015,
  title={High-resolution {7-Tesla fMRI} data on the perception of musical genres -- an extension to the studyforrest dataset},
  howpublished={\href{http://openfmri.org/dataset/ds000113b}{Data source}}
}

@misc{gumpdata,
  author={Michael Hanke},
  year=2015,
  title={{"Forrest Gump"} data release source code},
  howpublished={\href{http://dx.doi.org/10.5281/zenodo.18770}{Data source}}
}
